@article{vatistas1986reverse,
  title={Reverse Flow Radius in Vortex Chambers},
  author={Vatistas, G H and Lin, S and Kwok, C K},
  journal={AIAA Journal},
  volume={24},
  number={11},
  pages={1872, 1873},
  year={1986},
  publisher={American Institute of Aeronautics and Astronautics},
  doi = {10.2514/3.13046}
}

@online{darwiin,
  title  = {DarwiinRemote},
  year   = {2021},
  url    = {https://en.wikipedia.org/wiki/DarwiinRemote}
}

@online{cfclient,
  title  = {tbretl/crazyflie-client},
  year   = {2021},
  url    = {https://github.com/tbretl/crazyflie-client}
}

@online{crazyflie,
  title  = {Userguide cfclient GUI},
  year   = {2021},
  url    = {https://www.bitcraze.io/documentation/tutorials/getting-started-with-crazyflie-2-x/}
}

@online{tkinter,
  title  = {tkinter â€” Python interface to Tcl/Tk},
  year   = {2021},
  url    = {https://docs.python.org/3/library/tkinter.html}
}

@online{droneshow,
  title  = {100-Drone aerial show for Illinois Aerospace Engineering's 75th anniversary},
  year   = {2019},
  url    = {https://www.youtube.com/watch?v=F__Vxs-vQK0}
}